@online{wireshark,
  author =       {Wireshark Foundation},
  year  =        2024,
  title =        "Wireshark",
  url =          "https://www.wireshark.org/"
}

@book{introInfo,
  author         = {Christopher D. Manning and Prabhakar Raghavan and Hinrich Sch√ºtze},
  publisher      = {Cambridge University Press},
  title          = {"Introduction to Information Retrieval"},
  year           = 2008
}
